<?xml version="1.0" encoding="UTF-8"?><record xmlns="http://www.loc.gov/MARC21/slim" xmlns:cinclude="http://apache.org/cocoon/include/1.0" xmlns:zs="http://www.loc.gov/zing/srw/">
  <leader>00443cz  a2200133n  4500</leader>
  <controlfield tag="001">n  81013830 </controlfield>
  <controlfield tag="003">DLC</controlfield>
  <controlfield tag="005">20090122075500.0</controlfield>
  <controlfield tag="008">810224n| acannaabn          |n ana      </controlfield>
  <datafield tag="010" ind1=" " ind2=" ">
    <subfield code="a">n  81013830 </subfield>
  </datafield>
  <datafield tag="035" ind1=" " ind2=" ">
    <subfield code="a">(OCoLC)oca00559732</subfield>
  </datafield>
  <datafield tag="040" ind1=" " ind2=" ">
    <subfield code="a">DLC</subfield>
    <subfield code="b">eng</subfield>
    <subfield code="c">DLC</subfield>
    <subfield code="d">OCoLC</subfield>
  </datafield>
  <datafield tag="110" ind1="2" ind2=" ">
    <subfield code="a">String Orchestra of New York</subfield>
  </datafield>
  <datafield tag="670" ind1=" " ind2=" ">
    <subfield code="a">Persichetti, V. Concerto for English horn and string orchestra, op. 137 [SR] p1979 (a.e.)</subfield>
    <subfield code="b">label (The String Orchestra of New York)</subfield>
  </datafield>
</record>